<record><leader>00000cas a2200000 a 4500</leader><controlfield tag="001">2701984</controlfield><controlfield tag="008">770126d18721911azuwr ne      0   a0eng  </controlfield><datafield ind1=" " ind2=" " tag="010"><subfield code="a">sn 84021912 </subfield><subfield code="z">   76646227 </subfield></datafield><datafield ind1=" " ind2=" " tag="040"><subfield code="a">DLC</subfield><subfield code="b">eng</subfield><subfield code="c">DLC</subfield><subfield code="d">NPX</subfield><subfield code="d">DLC</subfield><subfield code="d">NPV</subfield><subfield code="d">ANU</subfield><subfield code="d">CNK</subfield><subfield code="d">CNW</subfield><subfield code="d">ANN</subfield><subfield code="d">DLC</subfield><subfield code="d">OCLCF</subfield><subfield code="d">HUL</subfield><subfield code="d">AQM</subfield><subfield code="d">WIH</subfield><subfield code="d">OCLCQ</subfield></datafield><datafield ind1=" " ind2=" " tag="012"><subfield code="l">a</subfield></datafield><datafield ind1=" " ind2=" " tag="019"><subfield code="a">192099279</subfield></datafield><datafield ind1="0" ind2=" " tag="022"><subfield code="a">2166-1928</subfield><subfield code="2">1</subfield></datafield><datafield ind1=" " ind2=" " tag="042"><subfield code="a">msc</subfield><subfield code="a">nsdp</subfield></datafield><datafield ind1=" " ind2=" " tag="043"><subfield code="a">n-us-az</subfield></datafield><datafield ind1="0" ind2="0" tag="050"><subfield code="a">Newspaper</subfield></datafield><datafield ind1="1" ind2="0" tag="082"><subfield code="a">071</subfield><subfield code="2">14</subfield></datafield><datafield ind1="0" ind2=" " tag="130"><subfield code="a">Arizona sentinel (Yuma, Ariz. : 1872)</subfield></datafield><datafield ind1=" " ind2="4" tag="222"><subfield code="a">The Arizona sentinel (Yuma, Ariz. 1872)</subfield></datafield><datafield ind1="1" ind2="4" tag="245"><subfield code="a">The Arizona sentinel.</subfield></datafield><datafield ind1=" " ind2=" " tag="260"><subfield code="a">Arizona City [Yuma], Yuma County, A.T. [Ariz.] :</subfield><subfield code="b">C.I. Minor,</subfield><subfield code="c">1872-</subfield></datafield><datafield ind1=" " ind2=" " tag="300"><subfield code="a">volumes</subfield></datafield><datafield ind1=" " ind2=" " tag="310"><subfield code="a">Weekly</subfield></datafield><datafield ind1=" " ind2=" " tag="336"><subfield code="a">text</subfield><subfield code="b">txt</subfield><subfield code="2">rdacontent</subfield></datafield><datafield ind1=" " ind2=" " tag="337"><subfield code="a">unmediated</subfield><subfield code="b">n</subfield><subfield code="2">rdamedia</subfield></datafield><datafield ind1=" " ind2=" " tag="338"><subfield code="a">volume</subfield><subfield code="b">nc</subfield><subfield code="2">rdacarrier</subfield></datafield><datafield ind1="0" ind2=" " tag="362"><subfield code="a">Vol. 1, no. 1 (Mar. 16, 1872)-</subfield></datafield><datafield ind1="1" ind2=" " tag="362"><subfield code="a">Ceased in July 1911.</subfield><subfield code="z">Cf. Lutrell, E. "Newspapers and periodicals of Ariz., 1950.</subfield></datafield><datafield ind1=" " ind2=" " tag="500"><subfield code="a">Published in Arizona City, later named Yuma. Cf. Lutrell, E. "Newspapers and periodicals of Ariz., 1859-1911." Univ. of Ariz. Bull. 20 (July 1944).</subfield></datafield><datafield ind1=" " ind2=" " tag="530"><subfield code="a">Archived issues are available in digital format as part of the Library of Congress Chronicling America online collection.</subfield></datafield><datafield ind1=" " ind2=" " tag="580"><subfield code="a">Merged with: Yuma weekly examiner, to form: Arizona sentinel and Yuma weekly examiner.</subfield></datafield><datafield ind1=" " ind2="0" tag="651"><subfield code="a">Yuma (Ariz.)</subfield><subfield code="v">Newspapers.</subfield></datafield><datafield ind1=" " ind2="0" tag="651"><subfield code="a">Yuma County (Ariz.)</subfield><subfield code="v">Newspapers.</subfield></datafield><datafield ind1=" " ind2="7" tag="651"><subfield code="a">Arizona</subfield><subfield code="z">Yuma.</subfield><subfield code="2">fast</subfield><subfield code="0">(OCoLC)fst01213905</subfield></datafield><datafield ind1=" " ind2="7" tag="651"><subfield code="a">Arizona</subfield><subfield code="z">Yuma County.</subfield><subfield code="2">fast</subfield><subfield code="0">(OCoLC)fst01214073</subfield></datafield><datafield ind1=" " ind2="7" tag="655"><subfield code="a">Newspapers.</subfield><subfield code="2">fast</subfield><subfield code="0">(OCoLC)fst01423814</subfield></datafield><datafield ind1=" " ind2="7" tag="655"><subfield code="a">Newspapers.</subfield><subfield code="2">rbgenr</subfield></datafield><datafield ind1=" " ind2=" " tag="752"><subfield code="a">United States</subfield><subfield code="b">Arizona</subfield><subfield code="c">Yuma</subfield><subfield code="d">Yuma.</subfield></datafield><datafield ind1=" " ind2=" " tag="752"><subfield code="a">United States</subfield><subfield code="b">Arizona</subfield><subfield code="c">Yuma</subfield><subfield code="d">Arizona City.</subfield></datafield><datafield ind1="0" ind2="8" tag="776"><subfield code="i">Online version:</subfield><subfield code="t">Arizona sentinel</subfield><subfield code="w">(OCoLC)778029182</subfield></datafield><datafield ind1="1" ind2="7" tag="785"><subfield code="t">Yuma weekly examiner</subfield></datafield><datafield ind1="1" ind2="7" tag="785"><subfield code="t">Arizona sentinel and Yuma weekly examiner</subfield><subfield code="x">2166-9775</subfield><subfield code="w">(DLC)sn 95060876</subfield><subfield code="w">(OCoLC)33805457</subfield></datafield><datafield ind1="4" ind2="1" tag="856"><subfield code="u">http://www.loc.gov/chroniclingamerica/lccn/sn84021912/issues</subfield></datafield><datafield ind1="1" ind2=" " tag="029"><subfield code="a">AU@</subfield><subfield code="b">000020347071</subfield></datafield></record>